@ARTICLE{lymberopoulos:indoor_tracking,
	AUTHOR = {Lymberopoulos, Dimitrios and Liu, Jie and Yang, Xue and Choudhury, Romit Roy and Handziski, Vlado and Sen, Souvik},
	TITLE = {A realistic evaluation and comparison of indoor location technologies: experiences and lessons learned},
	JOURNAL = {ACM},
	YEAR = {2015},
	VOLUME = {1},
	NUMBER = {1},
	PAGES = {178--189},
	MONTH = May
}

@ARTICLE{facer:savannah,
  TITLE={Savannah: mobile gaming and learning?},
  AUTHOR={Facer, Keri and Joiner, Richard and Stanton, Dana{\"e} and Reid, Josephine and Hull, Richard and Kirk, David},
  JOURNAL={Journal of Computer Assisted Learning},
  VOLUME={20},
  NUMBER={6},
  PAGES={399--409},
  YEAR={2004},
}

@ARTICLE{randell:ambient_wood,
  TITLE={Ambient Wood: Demonstration of a digitally enhanced field trip for schoolchildren},
  AUTHOR={Randell, Cliff and Phelps, Ted and Rogers, Yvonne},
  JOURNAL={Adjunct Proc. IEEE UbiComp 2003},
  PAGES={100--104},
  YEAR={2003},
}

@ARTICLE{klopfer:environmental_detectives,
  TITLE={Environmental detectives: PDAs as a window into a virtual simulated world},
  AUTHOR={Klopfer, Eric and Squire, Kurt and Jenkins, Henry},
  JOURNAL={Wireless and Mobile Technologies in Education, 2002. Proceedings. IEEE International Workshop on},
  PAGES={95--98},
  YEAR={2002},
  ORGANIZATION={IEEE}
}

@article{price:snark,
  TITLE={Using ‘tangibles’ to promote novel forms of playful learning},
  AUTHOR={Price, Sara and Rogers, Yvonne and Scaife, Michael and Stanton, Danae and Neale, Helen},
  JOURNAL={Interacting with computers},
  VOLUME={15},
  NUMBER={2},
  PAGES={169--185},
  YEAR={2003},
  publisher={Oxford University Press}
}

@inproceedings{novellis:acqua_room,
  title={How real is' real enough'?: designing artifacts and procedures for embodied simulations of science practices},
  author={Novellis, Francesco and Moher, Tom},
  booktitle={Proceedings of the 10th International Conference on Interaction Design and Children},
  pages={90--98},
  year={2011},
  organization={ACM}
}

@inproceedings{gnoli:hunger_games,
  title={Back to the future: embodied classroom simulations of animal foraging},
  author={Gnoli, Alessandro and Perritano, Anthony and Guerra, Paulo and Lopez, Brenda and Brown, Joel and Moher, Tom},
  booktitle={Proceedings of the 8th International Conference on Tangible, Embedded and Embodied Interaction},
  pages={275--282},
  year={2014},
  organization={ACM}
}

@inproceedings{moher:roomquake,
  title={RoomQuake: embedding dynamic phenomena within the physical space of an elementary school classroom},
  author={Moher, Tom and Hussain, Syeda and Halter, Tim and Kilb, Debi},
  booktitle={CHI'05 Extended Abstracts on Human Factors in Computing Systems},
  pages={1665--1668},
  year={2005},
  organization={ACM}
}

@article{colella:virus,
  title={Participatory simulations: Building collaborative understanding through immersive dynamic modeling},
  author={Colella, Vanessa},
  journal={The journal of the Learning Sciences},
  volume={9},
  number={4},
  pages={471--500},
  year={2000},
  publisher={Taylor \& Francis}
}

@inproceedings{peppler:beesim,
  title={BeeSim: leveraging wearable computers in participatory simulations with young children},
  author={Peppler, Kylie and Danish, Joshua and Zaitlen, Benjamin and Glosson, Diane and Jacobs, Alexander and Phelps, David},
  booktitle={Proceedings of the 9th International Conference on Interaction Design and Children},
  pages={246--249},
  year={2010},
  organization={ACM}
}

@article{lindgren:emboldened,
  title={Emboldened by embodiment six precepts for research on embodied learning and mixed reality},
  author={Lindgren, Robb and Johnson-Glenberg, Mina},
  journal={Educational Researcher},
  volume={42},
  number={8},
  pages={445--452},
  year={2013},
  publisher={SAGE Publications}
}

@article{milgram:taxonomy,
  title={A taxonomy of mixed reality visual displays},
  author={Milgram, Paul and Kishino, Fumio},
  journal={IEICE TRANSACTIONS on Information and Systems},
  volume={77},
  number={12},
  pages={1321--1329},
  year={1994},
  publisher={The Institute of Electronics, Information and Communication Engineers}
}

@inproceedings{moher:embedded,
  title={Embedded phenomena: supporting science learning with classroom-sized distributed simulations},
  author={Moher, Tom},
  booktitle={Proceedings of the SIGCHI conference on human factors in computing systems},
  pages={691--700},
  year={2006},
  organization={ACM}
}

@inproceedings{lindgren:supporting,
  title={Supporting children's learning with body-based metaphors in a mixed reality environment},
  author={Lindgren, Robb and Moshell, J Michael},
  booktitle={Proceedings of the 10th International Conference on Interaction Design and Children},
  pages={177--180},
  year={2011},
  organization={ACM}
}

@inproceedings{moher:wallcology,
  title={WallCology: Designing interaction affordances for learner engagement in authentic science inquiry},
  author={Moher, Tom and Uphoff, Brian and Bhatt, Darshan and L{\'o}pez Silva, Brenda and Malcolm, Peter},
  booktitle={Proceedings of the SIGCHI Conference on Human Factors in Computing Systems},
  pages={163--172},
  year={2008},
  organization={ACM}
}

@article{weiser:computer,
  title={The computer for the 21st century},
  author={Weiser, Mark},
  journal={Scientific american},
  volume={265},
  number={3},
  pages={94--104},
  year={1991},
  publisher={Nature Publishing Group}
}

@inproceedings{luyten:distributed,
  title={Distributed user interface elements to support smart interaction spaces},
  author={Luyten, Kris and Coninx, Karin},
  booktitle={Multimedia, Seventh IEEE International Symposium on},
  pages={8--pp},
  year={2005},
  organization={IEEE}
}

@article{marshall:tangible,
  title={Are tangible interfaces really any better than other kinds of interfaces?},
  author={Marshall, Paul and Rogers, Yvonne and Hornecker, Eva},
  year={2007}
}

@inproceedings{bakker:moso,
  title={MoSo tangibles: evaluating embodied learning},
  author={Bakker, Saskia and van den Hoven, Elise and Antle, Alissa N},
  booktitle={Proceedings of the fifth international conference on Tangible, embedded, and embodied interaction},
  pages={85--92},
  year={2011},
  organization={ACM}
}

@article{bakker:embodied,
  title={Embodied metaphors in tangible interaction design},
  author={Bakker, Saskia and Antle, Alissa N and Van Den Hoven, Elise},
  journal={Personal and Ubiquitous Computing},
  volume={16},
  number={4},
  pages={433--449},
  year={2012},
  publisher={Springer-Verlag}
}

@article{dillenbourg:you,
  title={What do you mean by collaborative learning?},
  author={Dillenbourg, Pierre},
  journal={Collaborative-learning: Cognitive and Computational Approaches.},
  pages={1--19},
  year={1999},
  publisher={Oxford: Elsevier}
}

@incollection{do:tinkerlamp,
  title={TinkerLamp 2.0: designing and evaluating orchestration technologies for the classroom},
  author={Do-Lenh, Son and Jermann, Patrick and Legge, Amanda and Zufferey, Guillaume and Dillenbourg, Pierre},
  booktitle={21st Century Learning for 21st Century Skills},
  pages={65--78},
  year={2012},
  publisher={Springer}
}

@article{antle:body,
  title={What the body knows: Exploring the benefits of embodied metaphors in hybrid physical digital environments},
  author={Antle, Alissa N and Corness, Greg and Droumeva, Milena},
  journal={Interacting with Computers},
  volume={21},
  number={1},
  pages={66--75},
  year={2009},
  publisher={Elsevier}
}

@article{abrahamson:embodiment,
  title={Embodiment and Embodied Design1},
  author={Abrahamson, Dor and Lindgren, Robb},
  year={2014}
}

@inproceedings{horn:role,
  title={The role of cultural forms in tangible interaction design},
  author={Horn, Michael S},
  booktitle={Proceedings of the 7th International Conference on Tangible, Embedded and Embodied Interaction},
  pages={117--124},
  year={2013},
  organization={ACM}
}

@article{colella:participatory,
  title={Participatory simulations: Building collaborative understanding through immersive dynamic modeling},
  author={Colella, Vanessa},
  journal={The journal of the Learning Sciences},
  volume={9},
  number={4},
  pages={471--500},
  year={2000},
  publisher={Taylor \& Francis}
}

@article{clements:playing,
  title={Playing with computers, playing with ideas},
  author={Clements, Douglas H},
  journal={Educational Psychology Review},
  volume={7},
  number={2},
  pages={203--207},
  year={1995},
  publisher={Springer}
}

@book{kafai:constructionism,
  title={Constructionism in practice: Designing, thinking, and learning in a digital world},
  author={Kafai, Yasmin B and Resnick, Mitchel},
  year={1996},
  publisher={Routledge}
}

@inproceedings{soler:novel,
  title={A novel approach to interactive playgrounds: the interactive slide project},
  author={Soler-Adillon, Joan and Ferrer, Jaume and Par{\'e}s, Narc{\'\i}s},
  booktitle={Proceedings of the 8th international Conference on interaction Design and Children},
  pages={131--139},
  year={2009},
  organization={ACM}
}

@inproceedings{inkpen:turn,
  title={Turn-taking protocols for mouse-driven collaborative environments},
  author={Inkpen, Kori and McGrenere, Joanna and Booth, Kellogg S and Klawe, Maria},
  booktitle={Proceedings of Graphics Interface},
  volume={97},
  pages={138--145},
  year={1997}
}

@misc{myers:floor,
  title={Floor control in a highly collaborative co-located task},
  author={Myers, Brad A and Chuang, Y and Tjandra, Marsha and Chen, Mon-chu and Lee, C},
  year={2000},
  publisher={Unpublished}
}

@inproceedings{slotta:orchestrating,
  title={Orchestrating of complex inquiry: three roles for learning analytics in a smart classroom infrastructure},
  author={Slotta, James D and Tissenbaum, Mike and Lui, Michelle},
  booktitle={Proceedings of the Third International Conference on Learning Analytics and Knowledge},
  pages={270--274},
  year={2013},
  organization={ACM}
}

@article{fulp:national,
  title={National survey of science and mathematics education: Status of elementary school science teaching},
  author={Fulp, Sherri L},
  journal={Chapel Hill, NC: Horizon Research},
  year={2000}
}

@online{mqtt,
author = {IBM},
title  = {WebSphere MQ Telemetry},
url    = {http://www-03.ibm.com/software/products/en/wmq-telemetry}
}

@misc{nutella_framework,
  author = {Alessandro Gnoli, Gianluca Venturini, Matteo Palvarini},
  title = {Nutella Framework},
  year = {2014},
  publisher = {GitHub},
  journal = {GitHub repository},
  howpublished = {\url{https://github.com/nutella-framework}},
}

@misc{nutella_location,
  author = {Gianluca Venturini},
  title = {Nutella Location},
  year = {2015},
  publisher = {GitHub},
  journal = {GitHub repository},
  howpublished = {\url{https://github.com/nutella-framework/docs/blob/master/protocol/nutella.location.md}},
}

@article{naur:revised,
  title={Revised report on the algorithmic language Algol 60},
  author={Naur, Peter and Backus, John W and Bauer, Friedrich L and Green, Julien and Katz, Charles and McCarthy, John and Perlis, Alan J},
  journal={Communications of the ACM},
  volume={6},
  number={1},
  pages={1--17},
  year={1963}
}

@article{norman:design,
  title={Design rules based on analyses of human error},
  author={Norman, Donald A},
  journal={Communications of the ACM},
  volume={26},
  number={4},
  pages={254--258},
  year={1983},
  publisher={ACM}
}

@article{norman:affordance,
  title={Affordance, conventions, and design},
  author={Norman, Donald A},
  journal={interactions},
  volume={6},
  number={3},
  pages={38--43},
  year={1999},
  publisher={ACM}
}

@book{norman:design,
  title={The design of everyday things: Revised and expanded edition},
  author={Norman, Donald A},
  year={2013},
  publisher={Basic books}
}

@misc{nutella_lib_swift,
  author = {Gianluca Venturini},
  title = {Nutella Framework},
  year = {2014},
  publisher = {GitHub},
  journal = {GitHub repository},
  howpublished = {\url{https://github.com/nutella-framework/nutella_lib.swift}},
}

@article{gnoli:nutella,
  title={Nutella: The Construction and Enactment of Simulated Macroworlds},
  author={Gnoli, Alessandro},
  year={2015}
}

@misc{JSON,
  title = {JSON format specification},
  howpublished = {\url{http://www.json.org/}},
  note = {Accessed: 2015-11-18}
}

@misc{Mosca,
  title = {Mosca MQTT broker npm page},
  howpublished = {\url{https://github.com/mcollina/mosca}},
  note = {Accessed: 2015-11-18}
}

@article{yang:ibeacon,
  title={An iBeacon-based Indoor Positioning Systems for Hospitals},
  author={Yang, Jingjing and Wang, Zhihui and Zhang, Xiao},
  journal={International Journal of Smart Home},
  volume={9},
  number={7},
  pages={161--168},
  year={2015}
}

@inproceedings{he:proposal,
  title={A proposal of interaction system between visitor and collection in museum hall by iBeacon},
  author={He, Zhiqiang and Cui, Binyue and Zhou, Wei and Yokoi, Shigeki},
  booktitle={Computer Science \& Education (ICCSE), 2015 10th International Conference on},
  pages={427--430},
  year={2015},
  organization={IEEE}
}

@inproceedings{corna:occupancy,
  title={Occupancy detection via iBeacon on Android devices for smart building management},
  author={Corna, A and Fontana, L and Nacci, AA and Sciuto, D},
  booktitle={Proceedings of the 2015 Design, Automation \& Test in Europe Conference \& Exhibition},
  pages={629--632},
  year={2015},
  organization={EDA Consortium}
}

@misc{estimote,
  title = {Estimote iBeacons vendor},
  howpublished = {\url{http://estimote.com},
  note = {Accessed: 2015-11-18}
}

@article{engle:guiding,
  title={Guiding principles for fostering productive disciplinary engagement: Explaining an emergent argument in a community of learners classroom},
  author={Engle, Randi A and Conant, Faith R},
  journal={Cognition and Instruction},
  volume={20},
  number={4},
  pages={399--483},
  year={2002},
  publisher={Taylor \& Francis}
}

@article{norman:way,
  title={THE WAY I SEE IT Signifiers, not affordances},
  author={Norman, Donald A},
  journal={interactions},
  volume={15},
  number={6},
  pages={18--19},
  year={2008},
  publisher={ACM}
}